@article{xu2021sok,
  title={Sok: Decentralized exchanges (dex) with automated market maker (amm) protocols},
  author={Xu, Jiahua and Paruch, Krzysztof and Cousaert, Simon and Feng, Yebo},
  journal={ACM Computing Surveys},
  year={2021},
  publisher={ACM New York, NY}
}


@misc{eip23,
  title={EIP-0023 Oracle Pool 2.0},
  note = {Available at \url{https://github.com/ergoplatform/eips/pull/41}},
  author={scalahub}
}