@misc{Gluon,
      author = {Bruno Woltzenlogel Paleo and Luca D'Angelo and Mohammad Shaheer and Giselle Reis},
      title = {Gluon W: A Cryptocurrency Stabilization Protocol},
      howpublished = {Cryptology {ePrint} Archive, Paper 2025/1372},
      year = {2025},
      url = {https://eprint.iacr.org/2025/1372}
}

@misc{DjedEprint,
    author = {Joachim Zahnentferner and Dmytro Kaidalov and Jean-Fr\'ed\'eric Etienne and Javier D\'iaz},
    title = {Djed: A Formally Verified Crypto-Backed Pegged Algorithmic Stablecoin},
    howpublished = {Cryptology ePrint Archive, Report 2021/1069},
    year = {2021},
    note = {\url{https://eprint.iacr.org/2021/1069}},
}

@inproceedings{DjedICBC2023,
    author = {Joachim Zahnentferner and Dmytro Kaidalov and Jean-Fr\'ed\'eric Etienne and Javier D\'iaz},
    title = {Djed: A Formally Verified Crypto-Backed Pegged Autonomous Stablecoin},
    booktitle = {IEEE International Conference on Blockchain and Cryptocurrency},
    year = {2023},
    publisher = {},
    note = {\url{https://icbc2023.ieee-icbc.org/program/icbc-2023-final-program}},
}

@misc{DAI,
    title = {The {M}aker {P}rotocol: {M}aker{DAO}'s {M}ulti-{C}ollateral {D}ai ({MCD}) {S}ystem},
    howpublished = {[{O}nline]},
    year = {2017},
    note = {\url{https://makerdao.com/en/whitepaper/}},
}

@misc{Ampleforth,
  title        = {Ampleforth Protocol},
  year         = {2018},   
  howpublished = {[{O}nline]},
  note         = {\url{https://www.ampleforth.org/}},
}

@misc{Neutrino,
  title        = {{XTN} - {N}eutrino {I}ndex {T}oken},
  year         = {2023},
  howpublished = {[{O}nline]},
  note         = {\url{https://github.com/waves-exchange/neutrino-contract/blob/master/docs/Neutrino%202.0.%20XTN%20Litepaper.pdf}},
}

@misc{Gyroscope,
  author       = {Andrew Breslin},
  title        = {Gyroscope: {A} {S}elf-{S}tabilizing, “{A}ll-{W}eather” {R}eserve-{B}acked {S}tablecoin},
  year         = {2022},
  howpublished = {[{O}nline]},
  note         = {\url{{https://consensys.io/blog/gyroscope-a-self-stabilizing-all-weather-reserve-backed-stablecoin}}},
}

@misc{ErgoDex,
  title        = {Ergo{DEX}},
  note         = {\url{https://www.ergodex.io}},
}

@misc{SigUSD,
  title        = {Sig{USD}},
  note         = {\url{https://sigmausd.io}},
}

@misc{Uniswap,
  author       = {Hayden Adams and Noah Zinsmeister and River Keefer and Dan Robinson and Moody Salem},
  title        = {Uniswap v3 Core},
  year         = {2021},
  note         = {\url{https://app.uniswap.org/whitepaper-v3.pdf}}
}

@article{xu2021sok,
  title={Sok: Decentralized exchanges (dex) with automated market maker (amm) protocols},
  author={Xu, Jiahua and Paruch, Krzysztof and Cousaert, Simon and Feng, Yebo},
  journal={ACM Computing Surveys},
  year={2021},
  publisher={ACM New York, NY}
}

@misc{eip23,
  title={EIP-0023 Oracle Pool 2.0},
  note = {\url{https://github.com/ergoplatform/eips/pull/41}},
  author={scalahub}
}